@misc{tuomihalinen2019,
  title={Radiodiodi infrastructure containerization},
  author={{Aarni Halinen and Jan Tuomi}},
  year={2019},
  howpublished={\url{https://static.radiodiodi.fi/CS-E4004\_Project\_report.pdf}},
  note={Accessed: 2020-03-07}
}

@misc{cncf,
  title={{CNCF Cloud Native Definition v1.0}},
  author={{Cloud Native Computing Foundation}},
  howpublished={\url{https://github.com/cncf/toc/blob/master/DEFINITION.md}},
  note={Accessed: 2020-05-23}
}

@inproceedings{al2019container,
  title={Container Orchestration Engines: A Thorough Functional and Performance Comparison},
  author={Al Jawarneh, Isam Mashhour and Bellavista, Paolo and Bosi, Filippo and Foschini, Luca and Martuscelli, Giuseppe and Montanari, Rebecca and Palopoli, Amedeo},
  booktitle={ICC 2019-2019 IEEE International Conference on Communications (ICC)},
  pages={1--6},
  year={2019},
  organization={IEEE}
}

%https://www.researchgate.net/profile/Nane_Kratzke/publication/312045183_Understanding_Cloud-native_Applications_after_10_Years_of_Cloud_Computing_-_A_Systematic_Mapping_Study/links/588202be4585150dde401522/Understanding-Cloud-native-Applications-after-10-Years-of-Cloud-Computing-A-Systematic-Mapping-Study.pdf
@article{kratzke2017understanding,
  title={Understanding cloud-native applications after 10 years of cloud computing-a systematic mapping study},
  author={Kratzke, Nane and Quint, Peter-Christian},
  journal={Journal of Systems and Software},
  volume={126},
  pages={1--16},
  year={2017},
  publisher={Elsevier}
}

%https://www.researchgate.net/publication/301924344_Elasticity_in_cloud_computing_What_it_is_and_what_it_is_not
@inproceedings{herbst2013elasticity,
  title={Elasticity in cloud computing: What it is, and what it is not},
  author={Herbst, Nikolas Roman and Kounev, Samuel and Reussner, Ralf},
  booktitle={Proceedings of the 10th International Conference on Autonomic Computing ($\{$ICAC$\}$ 13)},
  pages={23--27},
  year={2013}
}

%https://dl.acm.org/doi/pdf/10.1145/350391.350432
@inproceedings{bondi2000characteristics,
  title={Characteristics of scalability and their impact on performance},
  author={Bondi, Andr{\'e} B},
  booktitle={Proceedings of the 2nd international workshop on Software and performance},
  pages={195--203},
  year={2000}
}

@misc{fowler2014microservices,
  title={Microservices},
  author={Fowler, Martin and Lewis, James},
  howpublished={\url{https://martinfowler.com/articles/microservices.html}},
  note={Accessed: 2020-05-06}
}

%https://www.researchgate.net/publication/259827934_MADCAT_-_A_Methodology_for_Architecture_and_Deployment_of_Cloud_Application_Topologies
@inproceedings{inzinger2014madcat,
  title={{MADCAT: A methodology for architecture and deployment of cloud application topologies}},
  author={Inzinger, Christian and Nastic, Stefan and Sehic, Sanjin and V{\"o}gler, Michael and Li, Fei and Dustdar, Schahram},
  booktitle={2014 IEEE 8th international symposium on service oriented system engineering},
  pages={13--22},
  year={2014},
  organization={IEEE}
}

%https://d-nb.info/1079525432/34
@book{fehling2014cloud,
  title={Cloud computing patterns: fundamentals to design, build, and manage cloud applications},
  author={Fehling, Christoph and Leymann, Frank and Retter, Ralph and Schupeck, Walter and Arbitter, Peter},
  year={2014},
  publisher={Springer}
}

%http://faculty.winthrop.edu/domanm/csci411/Handouts/NIST.pdf
@article{mell2011nist,
  title={{The NIST definition of cloud computing}},
  author={Mell, Peter and Grance, Tim and others},
  year={2011},
  publisher={Computer Security Division, Information Technology Laboratory, National~â€¦}
}

%https://160.85.104.64/bitstream/11475/7421/1/selfmanaging-cna-archive.pdf
@article{toffetti2017self,
  title={{Self-managing cloud-native applications: Design, implementation, and experience}},
  author={Toffetti, Giovanni and Brunner, Sandro and Bl{\"o}chlinger, Martin and Spillner, Josef and Bohnert, Thomas Michael},
  journal={Future Generation Computer Systems},
  volume={72},
  pages={165--179},
  year={2017},
  publisher={Elsevier}
}

@misc{docker,
  title={Docker overview},
  author={Docker},
  howpublished={\url{https://docs.docker.com/get-started/overview/}},
  note={Accessed: 2020-03-07}
}

@article{merkel2014docker,
  title={Docker: lightweight linux containers for consistent development and deployment},
  author={Merkel, Dirk},
  journal={Linux journal},
  volume={2014},
  number={239},
  pages={2},
  year={2014}
}

@misc{k8s,
  title={{What is Kubernetes?}},
  author={Kubernetes},
  howpublished={\url{https://kubernetes.io/docs/concepts/overview/what-is-kubernetes/}},
  note={Accessed: 2020-03-07}
}

@misc{k8s-comps,
  title={{Kubernetes Components}},
  author={Kubernetes},
  howpublished={\url{https://kubernetes.io/docs/concepts/overview/components/}},
  note={Accessed: 2020-05-02}
}

@misc{k8s-pods,
  title={Pod Overview},
  author={Kubernetes},
  howpublished={\url{https://kubernetes.io/docs/concepts/workloads/pods/pod-overview/}},
  note={Accessed: 2020-05-02}
}

@misc{k8s-objects,
  title={{Understanding Kubernetes Objects}},
  author={Kubernetes},
  howpublished={\url{https://kubernetes.io/docs/concepts/overview/working-with-objects/kubernetes-objects/}},
  note={Accessed: 2020-05-02}
}

@misc{k8s-obj-man,
  title={{Kubernetes Object Management}},
  author={Kubernetes},
  howpublished={\url{https://kubernetes.io/docs/concepts/overview/working-with-objects/object-management/}},
  note={Accessed: 2020-05-23}
}

% https://s3.amazonaws.com/academia.edu.documents/61644710/Livro_Kubernetes20191231-77912-r0gj39.pdf?response-content-disposition=inline%3B%20filename%3DLivro_Kubernetes.pdf&X-Amz-Algorithm=AWS4-HMAC-SHA256&X-Amz-Credential=AKIAIWOWYYGZ2Y53UL3A%2F20200307%2Fus-east-1%2Fs3%2Faws4_request&X-Amz-Date=20200307T160641Z&X-Amz-Expires=3600&X-Amz-SignedHeaders=host&X-Amz-Signature=16b1270b553538577bb34c5afdf8ad208d00d9d6fceca42f2d49696dbc86a09d
@book{hightower2017kubernetes,
  title={Kubernetes: up and running: dive into the future of infrastructure},
  author={Hightower, Kelsey and Burns, Brendan and Beda, Joe},
  year={2017},
  publisher={O'Reilly Media, Inc.}
}

@article{bhardwaj2010cloud,
  title={{Cloud computing: A study of infrastructure as a service (IAAS)}},
  author={Bhardwaj, Sushil and Jain, Leena and Jain, Sandeep},
  journal={International Journal of engineering and information Technology},
  volume={2},
  number={1},
  pages={60--63},
  year={2010}
}

@inproceedings{piraghaj2015efficient,
  title={{Efficient virtual machine sizing for hosting containers as a service}},
  author={Piraghaj, Sareh Fotuhi and Dastjerdi, Amir Vahid and Calheiros, Rodrigo N and Buyya, Rajkumar},
  booktitle={2015 IEEE World Congress on Services},
  pages={31--38},
  year={2015},
  organization={IEEE}
}

@misc{gartner,
  title={{Gartner Says Worldwide IaaS Public Cloud Services Market Grew 31.3\% in 2018}},
  author={Gartner},
  howpublished={\url{https://www.gartner.com/en/newsroom/press-releases/2019-07-29-gartner-says-worldwide-iaas-public-cloud-services-market-grew-31point3-percent-in-2018}},
  note={Accessed: 2020-05-02}
}
@inproceedings{li2010cloudcmp,
  title={CloudCmp: comparing public cloud providers},
  author={Li, Ang and Yang, Xiaowei and Kandula, Srikanth and Zhang, Ming},
  booktitle={Proceedings of the 10th ACM SIGCOMM conference on Internet measurement},
  pages={1--14},
  year={2010}
}

@misc{aks,
  title={{Azure Kubernetes Service (AKS)}},
  author={{Microsoft Azure}},
  howpublished={\url{https://azure.microsoft.com/en-us/services/kubernetes-service/}},
  note={Accessed: 2020-03-07}
}


@misc{akspricing,
  title={{Azure VM comparision}},
  author={{Microsoft Azure}},
  howpublished={\url{https://azureprice.net/?region=northeurope&currency=USD&timeoption=month&cores=1,2&ram=0,4}},
  note={Accessed: 2020-05-03}
}

@misc{aksstorage,
  title={{Azure VM comparision}},
  author={{Microsoft Azure}},
  howpublished={\url{https://docs.microsoft.com/en-us/azure/aks/concepts-storage}},
  note={Accessed: 2020-05-05}
}

@misc{aksstorageprice,
  title={{Azure Files Pricing}},
  author={{Microsoft Azure}},
  howpublished={\url{https://azure.microsoft.com/en-us/pricing/details/storage/files/}},
  note={Accessed: 2020-05-05}
}



@misc{gkestorage,
  title={{Persistent volumes with persistent disks}},
  author={{Google Cloud}},
  howpublished={\url{https://cloud.google.com/kubernetes-engine/docs/concepts/persistent-volumes}},
  note={Accessed: 2020-05-05}
}

@misc{gkestorageprice,
  title={{Disks and images pricing}},
  author={{Google Cloud}},
  howpublished={\url{https://cloud.google.com/compute/disks-image-pricing}},
  note={Accessed: 2020-05-05}
}

@misc{gke,
  title={{Google Kubernetes Engine}},
  author={{Google Cloud}},
  howpublished={\url{https://cloud.google.com/kubernetes-engine}},
  note={Accessed: 2020-03-07}
}

@misc{gkepricing,
  title={{Pricing}},
  author={{Google Cloud}},
  howpublished={\url{https://cloud.google.com/kubernetes-engine/pricing}},
  note={Accessed: 2020-05-03}
}

@misc{gkeallpricing,
  title={{All pricing}},
  author={{Google Cloud}},
  howpublished={\url{https://cloud.google.com/compute/all-pricing}},
  note={Accessed: 2020-05-03}
}

@misc{eks,
  title={{Amazon Elastic Kubernetes Service}},
  author={{Amazon Web Services}},
  howpublished={\url{https://aws.amazon.com/eks/}},
  note={Accessed: 2020-03-07}
}

@misc{ekslb,
  title={{Load balancing}},
  author={{Amazon Web Services}},
  howpublished={\url{https://docs.aws.amazon.com/eks/latest/userguide/load-balancing.html}},
  note={Accessed: 2020-05-05}
}

@misc{fargate,
  title={{AWS Fargate}},
  author={{Amazon Web Services}},
  howpublished={\url{https://docs.aws.amazon.com/eks/latest/userguide/fargate.html}},
  note={Accessed: 2020-05-03}
}

@misc{ekscostopt,
  title={{Cost optimization for Kubernetes on AWS}},
  author={{Amazon Web Services}},
  howpublished={\url{https://aws.amazon.com/blogs/containers/cost-optimization-for-kubernetes-on-aws/}},
  note={Accessed: 2020-05-03}
}

@misc{ekspricing,
  title={{Amazon EKS pricing}},
  author={{Amazon Web Services}},
  howpublished={\url{https://aws.amazon.com/eks/pricing/}},
  note={Accessed: 2020-05-03}
}

@misc{eksstorage,
  title={{Persistent storage using AWS Elastic File System}},
  author={{Red Hat Open Shift}},
  howpublished={\url{https://docs.openshift.com/container-platform/4.2/storage/persistent_storage/persistent-storage-efs.html}},
  note={Accessed: 2020-05-05}
}



%%%%%%%%%%%%%%%%%%%%%%%%%%%%%%%%%%%%%%%%%%%%%%%%%%%%%%
% The most common BiBTeX entry types
%
%    * Article: An article from a journal or magazine.
% 
%    * Book:  A book with an explicit publisher.
%
%    * Booklet:  A work that is printed and bound, but without 
%               a named publisher or sponsoring institution.
%
%    * Conference: An article in the proceedings of a conference. 
%                  This entry is identical to the 'inproceedings' 
%                  entry and is included for compatibility with another 
%                  text formatting system.
%
%    * Inbook: A part of a book, which may be a chapter and/or a 
%              range of pages.
%
%    * Incollection: A part of a book having its own title.
%
%    * Inproceedings: An article in a conference proceedings.
%
%    * Manual: Technical documentation.
%
%    * Mastersthesis: A Master's thesis.
%
%    * Misc: This is used when other entries do not fit.
%
%    * Phdthesis: A PhD thesis.
%
%    * Proceedings: The proceedings of a conference.
%
%    * Techreport: A report published by a school or other institution, 
%                  usually numbered within a series.
%
%    * Unpublished: A document having an author and title, but not 
%                   formally published.
%
%
% There are a huge number of BiBTeX guides online, more or less official.
